<?xml version="1.0" encoding="UTF-8"?><collection xmlns="http://www.loc.gov/MARC21/slim"><record><leader>00445nam--2200121-i-4500</leader><controlfield tag="001">000034676</controlfield><controlfield tag="002">20161230</controlfield><controlfield tag="005">20161230201040</controlfield><controlfield tag="008">060222s1000------------r-----000-0-eng-d</controlfield><datafield ind1=" " ind2=" " tag="080"><subfield code="a">338.04</subfield></datafield><datafield ind1=" " ind2=" " tag="245"><subfield code="a">Normativ unificat de personal pentru determinarea necesarului de salariati tesa pentru compartimentele mecanic sef, energetic sef si investitii din intreprinderile constructoare de masini</subfield></datafield><datafield ind1=" " ind2=" " tag="260"><subfield code="a">Bucuresti, M,I,C,M,M 1972, 37p</subfield></datafield><datafield ind1=" " ind2=" " tag="852"><subfield code="a">37029</subfield></datafield></record></collection>